@article{Dirac1953888,
  title   = "The lorentz transformation and absolute time",
  journal = "Physica",
  volume  = "19",
  number  = "1--12",
  pages   = "888--896",
  year    = "1953",
  doi     = "10.1016/S0031-8914(53)80099-6",
  author  = "P.A.M. Dirac"
}

@article{Feynman1963118,
  title   = "The theory of a general quantum system interacting with a linear dissipative system",
  journal = "Annals of Physics ",
  volume  = "24",
  pages   = "118--173",
  year    = "1963",
  doi     = "10.1016/0003-4916(63)90068-X",
  author  = "R.P Feynman and F.L {Vernon Jr.}"
}

@article{páez2012,
	title = {Measuring accessibility: positive and normative implementations of various accessibility indicators},
	author = {{Páez}, Antonio and Scott, Darren M. and Morency, Catherine},
	year = {2012},
	month = {11},
	date = {2012-11-01},
	journal = {Journal of Transport Geography},
	pages = {141--153},
	series = {Special Section on Accessibility and Socio-Economic Activities: Methodological and Empirical Aspects},
	volume = {25},
	doi = {10.1016/j.jtrangeo.2012.03.016},
	url = {https://www.sciencedirect.com/science/article/pii/S0966692312000798}
}

@techreport{palm2023,
	title = {Developing Data Driven Equity Standards: Stakeholder Perspectives},
	author = {Palm, Matthew and Teel, Siobhan and Tiznado-Aitken, Ignacio and Soukhov, Anastasia and Paez, Antonio and Farber, Steven and Hain, Michael},
	year = {2023},
	month = {05},
	date = {2023-05},
	pages = {26},
	url = {https://mobilizingjustice.ca/wp-content/uploads/2023/06/Developing_Data_Driven_Standards_FINAL_2023_06_06.pdf},
	langid = {English}
}

@misc{ontario2020,
	title = {Planning transportation for the Greater Golden Horseshoe | ontario.ca},
	author = {Ontario, },
	year = {2020},
	date = {2020},
	url = {http://www.ontario.ca/page/planning-transportation-greater-golden-horseshoe},
	langid = {en}
}

@book{europeancommission.jointresearchcentre.2023,
	title = {GHSL data package 2023.},
	author = {European Commission. Joint Research Centre., },
	year = {2023},
	date = {2023},
	publisher = {Publications Office},
	url = {https://data.europa.eu/doi/10.2760/098587},
	address = {LU},
	langid = {eng}
}

@misc{buchhorn,
	title = {Copernicus Global Land Service: Land Cover 100m: collection 3: epoch 2018: Globe},
	author = {Buchhorn, Marcel and Smets, Bruno and Bertels, Luc and Roo, Bert De and Lesiv, Myroslava and Tsendbazar, Nandin-Erdene and Herold, Martin and Fritz, Steffen},
	doi = {10.5281/ZENODO.3518038},
	langid = {en}
}

@article{ringnér2008,
	title = {What is principal component analysis?},
	author = {{Ringnér}, Markus},
	year = {2008},
	month = {03},
	date = {2008-03},
	journal = {Nature Biotechnology},
	pages = {303--304},
	volume = {26},
	number = {3},
	doi = {10.1038/nbt0308-303},
	url = {https://www.nature.com/articles/nbt0308-303},
	langid = {en}
}

@misc{openstreetmap2023,
	title = {OpenStreetMap Dataset},
	author = {OpenStreetMap, },
	year = {2023},
	date = {2023},
	url = {https://www.openstreetmap.org/},
	langid = {en}
}

@article{dossantos2022,
	title = {Identifying Precarious Settlements and Urban Fabric Typologies Based on GEOBIA and Data Mining in Brazilian Amazon Cities},
	author = {Dos Santos, Bruno Dias and De Pinho, Carolina Moutinho Duque and Oliveira, Gilberto Eidi Teramoto and Korting, Thales Sehn and Escada, Maria Isabel Sobral and Amaral, Silvana},
	year = {2022},
	month = {02},
	date = {2022-02-02},
	journal = {Remote Sensing},
	pages = {704},
	volume = {14},
	number = {3},
	doi = {10.3390/rs14030704},
	url = {https://www.mdpi.com/2072-4292/14/3/704},
	langid = {en}
}

@misc{statisticscanada,
	title = {Spatial Access Measures},
	author = {Statistics Canada, },
	langid = {eng}
}
